<?xml version="1.0" encoding="UTF-8"?>
<record xmlns="http://www.loc.gov/MARC21/slim" xmlns:xsi="http://www.w3.org/2001/XMLSchema-instance" xsi:schemaLocation="http://www.loc.gov/MARC21/slim http://www.loc.gov/standards/marcxml/schema/MARC21slim.xsd">
<leader>     nam a2200301   4500</leader>
<controlfield tag="001">002820630</controlfield>
<controlfield tag="003">NNU</controlfield>
<controlfield tag="005">19940713181853.0</controlfield>
<controlfield tag="008">870602s1969    iq       b    010 0 ara</controlfield>
<datafield tag="010" ind1=" " ind2=" ">
<subfield code="a">75962120</subfield>
</datafield>
<datafield tag="020" ind1=" " ind2=" ">
<subfield code="c">0.45ID</subfield>
</datafield>
<datafield tag="035" ind1="9" ind2=" ">
<subfield code="a">NYUb10528349</subfield>
</datafield>
<datafield tag="035" ind1=" " ind2=" ">
<subfield code="a">(CStRLIN)NYUG87-B18149</subfield>
</datafield>
<datafield tag="035" ind1=" " ind2=" ">
<subfield code="a">GLIS005283495</subfield>
</datafield>
<datafield tag="040" ind1=" " ind2=" ">
<subfield code="c">NN</subfield>
<subfield code="d">NN</subfield>
<subfield code="d">NNU</subfield>
</datafield>
<datafield tag="043" ind1=" " ind2=" ">
<subfield code="a">a-iq---</subfield>
</datafield>
<datafield tag="050" ind1="0" ind2=" ">
<subfield code="a">PJ7840.A85</subfield>
<subfield code="b">Z57</subfield>
</datafield>
<datafield tag="090" ind1=" " ind2=" ">
<subfield code="i">06/02/87 CT</subfield>
</datafield>
<datafield tag="245" ind1="0" ind2="0">
<subfield code="a">Muḥammad Mahdī al-Jawāhirī,</subfield>
<subfield code="b">dirāsāt naqdīyah,</subfield>
<subfield code="c">aʻaddahā farīq min al-kuttāb al-ʻIrāqīyīn. Ashrafa ʻalá iṣdārihā Hādī al-ʻAlawī.</subfield>
</datafield>
<datafield tag="260" ind1=" " ind2=" ">
<subfield code="a">Baghdād</subfield>
<subfield code="b">[Maktabat al-Andalus]</subfield>
<subfield code="c">1969.</subfield>
</datafield>
<datafield tag="300" ind1=" " ind2=" ">
<subfield code="a">214 p.</subfield>
<subfield code="c">25 cm.</subfield>
</datafield>
<datafield tag="504" ind1=" " ind2=" ">
<subfield code="a">Includes bibliographical references.</subfield>
</datafield>
<datafield tag="505" ind1=" " ind2=" ">
<subfield code="a">Min riḥlat al-fikr wa-al-taḥawwul, li-Hādī Alawī--Shāʻir wa-ḥākim wa-madanīyah, li-Jabrā Ibrāhīm Jabrā.--Min ghurbah ḥattá waʻy ghurbah, li-Fawzī Karīm.--Jawāhirī wa-turāth, li-Hāshim Taʻʻān--Maʻa marʼah, li-Dāwūd Sallūm.--Lughat shiʻr ʻinda Jawāhirī, li-Ibrāhīm al-Samarrāʼī.--Jawāhiri̲ ṣihāfīyan, li-Salīm Tāhā Takrītī.</subfield>
</datafield>
<datafield tag="600" ind1="1" ind2="0">
<subfield code="a">Jawāhirī, Muḥammad Mahdī,</subfield>
<subfield code="d">1900-</subfield>
</datafield>
<datafield tag="700" ind1="1" ind2=" ">
<subfield code="a">ʻAlawī, Hsadī,</subfield>
<subfield code="d">1932-</subfield>
</datafield>
<datafield tag="OWN" ind1=" " ind2=" ">
<subfield code="a">GENERAL</subfield>
</datafield>
<datafield tag="910" ind1=" " ind2=" ">
<subfield code="a">Relator deleted from field 700.</subfield>
</datafield>
<datafield tag="950" ind1=" " ind2=" ">
<subfield code="l">BMAIN</subfield>
<subfield code="a">PJ7840.A85</subfield>
<subfield code="b">Z6 1969</subfield>
<subfield code="i">06/02/87 C</subfield>
</datafield>
<datafield tag="955" ind1=" " ind2=" ">
<subfield code="l">BMAIN</subfield>
<subfield code="c">1</subfield>
<subfield code="r">012413095</subfield>
<subfield code="i">06/02/87 C</subfield>
</datafield>
<datafield tag="998" ind1=" " ind2=" ">
<subfield code="a">06/02/87</subfield>
<subfield code="t">c</subfield>
<subfield code="s">9114</subfield>
<subfield code="n">NNU</subfield>
<subfield code="w">NYPG82B1664</subfield>
<subfield code="d">06/02/87</subfield>
<subfield code="b">DR</subfield>
<subfield code="i">870602</subfield>
<subfield code="l">NYUG</subfield>
</datafield>
<datafield tag="AVA" ind1=" " ind2=" ">
<subfield code="a">NYU50</subfield>
<subfield code="b">BOBST</subfield>
<subfield code="c">Main Collection</subfield>
<subfield code="d">PJ7840.A85 Z6 1969</subfield>
<subfield code="e">unavailable</subfield>
<subfield code="t">Unavailable</subfield>
<subfield code="f">1</subfield>
<subfield code="g">1</subfield>
<subfield code="h">N</subfield>
<subfield code="i">0</subfield>
<subfield code="j">MAIN</subfield>
<subfield code="k">0</subfield>
</datafield>
</record>
